<record><leader>00000cas a2200000 a 4500</leader><controlfield tag="001">28581934</controlfield><controlfield tag="008">930806d19801983cauwr n       0   a0eng c</controlfield><datafield ind1=" " ind2=" " tag="010"><subfield code="a">sn 96064407 </subfield></datafield><datafield ind1=" " ind2=" " tag="040"><subfield code="a">CPP</subfield><subfield code="b">eng</subfield><subfield code="c">CPP</subfield><subfield code="d">CNK</subfield><subfield code="d">OCLCQ</subfield><subfield code="d">OCLCF</subfield><subfield code="d">OCLCO</subfield></datafield><datafield ind1=" " ind2=" " tag="042"><subfield code="a">pcc</subfield></datafield><datafield ind1=" " ind2=" " tag="043"><subfield code="a">n-us-ca</subfield></datafield><datafield ind1="0" ind2="0" tag="245"><subfield code="a">Altadenan/Pasadenan chronicle.</subfield></datafield><datafield ind1=" " ind2=" " tag="260"><subfield code="a">Altadena, Calif. :</subfield><subfield code="b">Altadenan Pub. Co.</subfield></datafield><datafield ind1=" " ind2=" " tag="300"><subfield code="a">v. :</subfield><subfield code="b">ill. ;</subfield><subfield code="c">43 cm.</subfield></datafield><datafield ind1=" " ind2=" " tag="310"><subfield code="a">Weekly</subfield></datafield><datafield ind1="0" ind2=" " tag="362"><subfield code="a">Vol. 51, no. 39 (Jan. 17 [i.e. 31], 1980)-Dec. 29, 1983.</subfield></datafield><datafield ind1=" " ind2=" " tag="530"><subfield code="a">Master negatives are available for duplication from:</subfield><subfield code="b">California Newspaper Microfilm Archive;</subfield><subfield code="c">positive copies may be purchased by the reel; for further information consult the CNMA at:</subfield><subfield code="u">http://cbsr.ucr.edu</subfield></datafield><datafield ind1=" " ind2="0" tag="651"><subfield code="a">Altadena (Calif.)</subfield><subfield code="v">Newspapers.</subfield></datafield><datafield ind1=" " ind2="0" tag="651"><subfield code="a">Pasadena (Calif.)</subfield><subfield code="v">Newspapers.</subfield></datafield><datafield ind1=" " ind2="7" tag="655"><subfield code="a">Newspapers.</subfield><subfield code="2">fast</subfield><subfield code="0">(OCoLC)fst01423814</subfield></datafield><datafield ind1=" " ind2="7" tag="651"><subfield code="a">California</subfield><subfield code="z">Altadena.</subfield><subfield code="2">fast</subfield><subfield code="0">(OCoLC)fst01217480</subfield></datafield><datafield ind1=" " ind2="7" tag="651"><subfield code="a">California</subfield><subfield code="z">Pasadena.</subfield><subfield code="2">fast</subfield><subfield code="0">(OCoLC)fst01204693</subfield></datafield><datafield ind1=" " ind2=" " tag="752"><subfield code="a">United States</subfield><subfield code="b">California</subfield><subfield code="c">Los Angeles</subfield><subfield code="d">Altadena.</subfield></datafield><datafield ind1="0" ind2="0" tag="780"><subfield code="t">Chronicle (Altadena, Calif.)</subfield><subfield code="w">(DLC)sn 97069694</subfield></datafield><datafield ind1="0" ind2="0" tag="785"><subfield code="t">Altadena, the weekly</subfield><subfield code="w">(DLC)sn2004061198</subfield></datafield></record>